4028 5834
971 676 1033 745 Xll

437 884 665 992 quibusdam
713 885 809 966 locis
854 913 936 969 non
979 912 1132 992 prorsus
1171 911 1262 967 cum
1304 889 1566 993 manuscripto

436 1033 737 1116 Vindobonensi
765 1053 960 1139 congruat.

520 1184 564 1265 In
599 1182 698 1264 libro
732 1184 922 1289 impresso
953 1201 1129 1289 praeterea
1150 1181 1348 1285 Johannes
1376 1184 1564 1267 Pratensis

435 1330 622 1434 adjunxit:
652 1331 692 1411 in
721 1331 835 1412 initio
862 1331 947 1412 libri
974 1359 1115 1437 poema
1135 1331 1318 1437 Tychoni
1346 1330 1564 1414 dedicatum

435 1506 456 1559 a
479 1483 639 1557 Johamto
658 1483 850 1558 Fronoam
867 1485 1017 1578 Ripenai
1042 1479 1192 1579 (danice
1215 1480 1322 1560 Hans
1343 1481 1564 1582 Frandsen),

435 1625 648 1734 professore
677 1627 881 1710 medicinae
903 1628 1118 1709 Hauniensi
1145 1654 1191 1708 ex
1217 1627 1365 1734 oppido
1391 1628 1499 1727 Ribe,
1528 1647 1565 1710 et

357 1878 362 1885 ι
435 1793 612 1883 praeterea
638 1775 776 1857 litteras
808 1776 1028 1879 ajohanne
1057 1776 1225 1856 Pratensi
1253 1776 1298 1856 ad
1325 1775 1563 1882 Tychonem

435 1943 473 2005 et
499 1923 543 2005 ad
573 1924 682 2005 illuni
701 1952 723 2005 a
741 1923 933 2029 Tychone
954 1924 1126 2030 scriptas;
1155 1924 1194 2004 in
1224 1922 1301 2004 fine
1320 1923 1405 2006 libri
1424 1952 1565 2032 poema

434 2077 588 2151 Andreae
632 2077 755 2167 Veueji
799 2072 949 2172 (danice
988 2071 1140 2153 Anders
1181 2072 1374 2154 Sorensen
1415 2071 1562 2172 Vedel),

435 2220 589 2301 illustris
627 2219 922 2325 historiographi
964 2220 1064 2300 Dani
1101 2238 1138 2300 et
1177 2239 1287 2301 antea
1322 2221 1564 2326 praeceptoris

436 2368 640 2450 domestici
667 2367 881 2474 Tychonis.

520 2519 575 2601 Ut
614 2516 881 2622 intelligantur,
923 2541 1008 2622 quae
1048 2516 1089 2596 in
1131 2515 1190 2596 his
1226 2516 1414 2622 poematis
1449 2535 1486 2598 et
1521 2517 1560 2597 in

434 2666 637 2772 Tychonis
671 2665 788 2770 elegia
821 2665 861 2745 in
896 2664 1081 2747 Uraniam
1117 2663 1163 2744 de
1198 2665 1372 2769 personis
1405 2683 1442 2746 et
1468 2664 1564 2746 locis

435 2842 568 2920 parum
584 2815 688 2896 notis
702 2814 893 2912 dicuntur,
914 2812 995 2894 haec
1011 2812 1210 2894 monenda
1223 2830 1328 2893 sunt:
1349 2811 1564 2919 Tychonis,

435 2964 542 3067 cujus
571 2990 719 3044 nomen
750 2962 865 3068 patria
893 2961 1023 3066 lingua
1050 2954 1126 3041 ⁴erat
1157 2967 1252 3058 Tyne
1282 2966 1422 3039 onesta
1447 2959 1565 3060 (filius

435 3110 615 3212 Ottonis)
641 3115 773 3205 Brona,
809 3129 910 3216 pater
937 3127 1012 3190 erat
1044 3114 1123 3187 Otto
1149 3113 1271 3187 Brona
1301 3108 1488 3189 dominus
1518 3108 1565 3189 de

433 3262 652 3354 Knudstrup.
714 3255 942 3337 Avunculus
970 3257 1050 3361 ejus
1077 3275 1152 3337 erat
1181 3262 1267 3335 Sten
1291 3262 1385 3334 Billa
1412 3256 1564 3357 (Bilde)‚

435 3405 500 3510 qui
546 3403 825 3484 monasterium
867 3404 1118 3485 Cisterciense
1158 3409 1357 3482 Herrisvad
1404 3403 1564 3485 feudum

435 3552 576 3633 habuit.
636 3552 730 3632 Haec
764 3550 844 3632 duo
879 3551 1036 3650 castella,
1073 3578 1154 3634 non
1193 3552 1361 3634 multum
1395 3552 1493 3632 inter
1525 3577 1564 3631 se

435 3700 621 3798 distantia,
663 3700 703 3780 in
746 3704 892 3821 Sannio
918 3699 1097 3799 (Skaane)
1137 3701 1207 3782 sita
1247 3719 1362 3782 erant.
1430 3698 1566 3780 Scania
1690 3737 1696 3746 ⁴

433 3866 563 3929 autem
608 3874 698 3928 cum
740 3847 882 3951 adjecta
916 3847 1040 3928 insula
1076 3849 1187 3929 Hven
1225 3877 1246 3929 a
1283 3865 1430 3929 vetusta
1473 3846 1566 3927 anti·

434 3995 575 4100 quitate
622 3995 832 4077 etiamtunc
874 3996 1009 4077 Daniae
1055 4014 1142 4093 erat,
1191 4022 1273 4076 non
1315 3994 1444 4076 solum
1485 3994 1564 4097 jure

435 4142 597 4248 imperii,
639 4143 704 4224 sed
740 4143 855 4225 'etiam
895 4142 1025 4248 lingua
1057 4161 1095 4224 et
1127 4142 1302 4223 moribus
1336 4140 1563 4223 incolarum.

435 4291 648 4389 Herrisvad,
673 4291 739 4372 ubi
758 4289 898 4396 Tycho
920 4290 980 4372 die
1001 4292 1057 4372 XI
1077 4289 1314 4372 Novembris
1337 4288 1565 4371 MDLXXII
