4028 5834
970 692 1045 760 VIII

444 900 572 982 emisit
599 899 739 1006 Tycho
771 901 973 982 etiamtum
1008 901 1175 1005 juvenis;
1212 921 1322 984 natus
1357 904 1464 984 enim
1498 921 1575 983 erat

444 1047 506 1129 die
541 1048 634 1129 XIV
668 1047 895 1130 Decembris
938 1049 1076 1130 veteris
1111 1048 1186 1130 stili
1222 1051 1314 1130 anni
1350 1050 1571 1132 MDXLVI.

443 1197 571 1303 Itaque
607 1196 648 1277 in
677 1223 725 1277 eo
753 1195 873 1278 lector
900 1197 1042 1303 peritus
1070 1198 1190 1303 ipsius
1216 1197 1341 1279 verbis
1368 1197 1572 1305 Tychonis

443 1346 565 1451 prima
608 1345 713 1451 quasi
750 1345 925 1449 germina
961 1372 1110 1450 magnae
1146 1347 1396 1427 astronomiae
1433 1346 1571 1427 instau-

442 1493 601 1573 rationis
640 1491 686 1573 ab
727 1519 775 1573 eo
816 1512 947 1598 postea
985 1493 1153 1575 fundatae
1190 1494 1363 1599 agnoscit
1398 1495 1570 1593 edoctus,

442 1658 582 1746 quanta
608 1640 754 1743 ingenii
784 1643 996 1722 maturitate
1024 1641 1085 1724 ille
1112 1643 1188 1746 jam
1215 1661 1309 1724 tunc
1337 1642 1573 1748 problemata

441 1787 703 1869 astronomica
736 1815 930 1893 aggressus
966 1790 1025 1887 sit,
1073 1791 1209 1871 omnia
1239 1789 1572 1872 observationibus

441 1936 613 2018 tribuens
650 1954 686 2016 et
731 1964 877 2018 »caecos
911 1936 1009 2018 coeli
1044 1957 1294 2043 spectatores«
1333 1966 1450 2045 eaque
1486 1965 1571 2045 quae

448 2111 552 2165 »non
602 2083 691 2164 satis
735 2084 815 2165 suis
866 2086 1038 2166 numeris
1085 2104 1280 2168 constare«
1336 2086 1572 2168 arbitraretur

442 2250 672 2338 aspernatus,
714 2233 753 2313 in
796 2233 842 2314 iis
883 2261 1036 2341 quoque
1073 2262 1158 2341 quae
1197 2253 1290 2316 tunc
1324 2235 1512 2340 temporis
1551 2262 1573 2316 a

442 2379 611 2462 siderum
640 2380 854 2485 aspectibus
881 2381 1094 2487 dependere
1113 2382 1350 2488 putabantur,
1380 2402 1571 2464 meteoro-

441 2527 576 2632 logicis
616 2527 761 2610 scilicet
800 2548 836 2611 et
876 2528 1124 2634 astrologicis,
1167 2531 1272 2637 quod
1314 2531 1474 2612 nonnisi
1507 2558 1572 2636 per

448 2677 763 2783 ›experientiam‹
783 2679 981 2760 continuis
999 2678 1332 2760 observationibus
1347 2679 1569 2785 acquisitam

437 2826 524 2907 sciri
553 2845 693 2930 posset,
727 2828 953 2934 ’quomodo
975 2828 1169 2933 superiora
1193 2846 1288 2909 astra
1309 2855 1398 2909 cum
1420 2827 1572 2910 inferio-

437 2973 540 3055 ribus
577 2975 878 3056 consentirent‹.
934 2975 1111 3081 Apparet,
1139 2973 1262 3082 'quarn
1299 2994 1406 3058 caute
1441 2975 1488 3057 de
1525 2976 1572 3057 iis

405 3149 524 3227 -quae
562 3120 741 3202 nondum
779 3122 859 3203 suis
892 3122 1227 3205 observationibus
1262 3124 1569 3229 comprobaverit

439 3269 669 3349 sententiam
699 3267 872 3372 proferat,
901 3268 1006 3350 velut
1033 3269 1080 3351 de
1108 3271 1286 3353 distantia
1312 3291 1571 3369 cometarum;

444 3416 553 3496 »Deo
591 3414 741 3513 dante«,
777 3416 913 3522 inquit,
961 3417 1198 3524 aliquando,
1232 3421 1264 3501 si
1301 3440 1431 3502 nostra
1464 3438 1572 3502 aetate

440 3562 575 3669 aliquis
602 3563 765 3645 extiterit
785 3584 949 3665 cometa,
979 3566 1060 3669 ejus
1081 3568 1133 3648 rei
1155 3569 1424 3650 certitudinem
1450 3568 1572 3675 inqui·

440 3737 603 3791 remus«
657 3710 823 3817 Apparet
844 3740 959 3819 quam
979 3714 1125 3797 fervido
1146 3743 1278 3798 amore
1293 3718 1447 3799 Uraniae
1467 3743 1572 3799 com·

442 3877 574 3940 motus
591 3858 715 3960 fuerit,
744 3861 858 3943 itaut
886 3890 956 3945 nec
983 3865 1125 3946 »natale
1149 3863 1300 3946 solum«
1327 3892 1398 3946 nec
1422 3863 1572 3946 ’dulces

441 4007 577 4089 amici«
600 4034 691 4089 eum
711 4010 871 4091 retinere
891 4030 1060 4117 possent,
1080 4013 1112 4093 si
1131 4013 1286 4118 quando
1305 4012 1404 4119 apud
1423 4031 1572 4094 exteros

442 4155 627 4260 majorem
661 4183 745 4238 eam
781 4157 934 4239 colendi
963 4157 1177 4241 facultatem
1206 4161 1432 4242 inventurus
1459 4178 1567 4243 esset.

525 4304 718 4388 Nondum
756 4306 863 4388 enim
898 4306 1038 4413 Tycho
1070 4335 1092 4389 a
1123 4312 1308 4387 Μενίου
1342 4313 1391 4386 Π
1434 4308 1570 4389 Daniae

440 4478 526 4556 rege
560 4451 677 4535 feudo
714 4455 849 4537 insulae
877 4456 989 4538 Hven
1026 4455 1179 4538 dotatus
1214 4474 1301 4555 erat,
1338 4455 1403 4536 ubi
1440 4475 1571 4562 postea
