4028 5834
1108 675 1141 741 X

558 913 660 967 nova
698 886 804 967 stella
842 884 913 966 alia
950 884 1080 965 multa.
1147 883 1242 965 Non
1284 882 1329 964 ab
1370 883 1455 988 ipso
1496 882 1688 988 Tychone

557 1033 681 1115 editus
715 1053 782 1132 est,
819 1033 886 1115 sed
920 1060 1008 1114 cura
1041 1032 1156 1113 amici
1189 1032 1269 1135 ejus
1295 1036 1468 1110 Joltanna's
1494 1035 1687 1129 Protensaa,

557 1181 781 1287 professoris
820 1181 1025 1263 medicinae
1059 1179 1306 1277 Hauniensis‚
1350 1207 1370 1260 e
1412 1182 1687 1288 manuscript0,

557 1329 662 1436 quod
683 1328 823 1435 Tycho
845 1328 891 1410 ad
913 1356 1004 1409 euin
1026 1328 1189 1408 miserat.
1236 1327 1360 1422 Quod
1381 1331 1687 1436 manuscriptum

557 1477 720 1558 diarium
741 1476 937 1583 quoddam
959 1494 1035 1556 erat
1053 1475 1145 1556 anni
1172 1476 1419 1555 MDLXXIII
1439 1476 1515 1579 jam
1531 1478 1689 1562 ineunte

557 1652 662 1706 anno
688 1623 914 1730 aTychone
932 1623 1164 1721 absolutum,
1193 1624 1255 1703 cui
1283 1623 1403 1704 diario
1430 1642 1606 1707 tractatus
1628 1628 1688 1709 De

557 1774 672 1856 Nova
704 1771 818 1854 Stella
851 1771 978 1877 paullo
1012 1790 1099 1852 ante
1126 1772 1283 1851 initium
1311 1773 1403 1853 anni
1432 1771 1532 1854 illius
1559 1776 1687 1879 primo

557 1920 637 2000 visa
664 1918 840 2025 praefixus
868 1938 955 2001 erat.

643 2068 773 2149 Exstat
812 2066 1004 2172 exemplar
1044 2067 1350 2172 manuscriptum
1393 2068 1473 2172 ejus
1505 2068 1612 2151 diarii
1647 2072 1687 2153 in

558 2215 789 2298 bibliotheca
820 2213 1006 2320 imperiali
1033 2214 1334 2295 Vindobonensi
1369 2243 1535 2298 numero
1567 2244 1688 2324 10932

557 2365 763 2469 signatum,
785 2391 864 2469 quo
880 2363 1084 2469 exemplari
1098 2361 1315 2444 liberalitate
1334 2363 1540 2468 praesidum
1557 2365 1690 2448 biblio·

557 2512 679 2594 thecae
706 2510 1027 2593 Vindobonensis
1061 2511 1225 2592 Hauniae
1258 2511 1315 2590 uti
1349 2510 1466 2592 licuit.
1534 2513 1689 2596 Titulus

559 2662 639 2766 ejus
667 2681 737 2742 est:
778 2660 975 2741 »Diarium
1012 2658 1285 2763 astrologicum
1321 2679 1358 2741 et
1392 2660 1689 2768 metheorologi-

557 2837 647 2891 cum
689 2810 780 2890 anni
820 2838 841 2891 a
875 2828 966 2891 nato
1000 2807 1155 2890 Christo
1195 2833 1287 2913 1573
1332 2808 1377 2888 ad
1418 2808 1494 2891 loci
1526 2810 1690 2915 longitu-

556 2958 690 3039 dinem
717 2957 904 3061 graduum
936 2982 994 3061 35,
1023 2956 1265 3037 latitudinem
1293 2956 1480 3060 graduum
1512 2964 1570 3063 56.
1618 2959 1690 3041 Ac·

557 3106 669 3186 cessit
703 3123 878 3184 tractatus
914 3103 961 3184 de
989 3130 1090 3184 nova
1120 3104 1283 3208 quadam
1318 3123 1356 3186 et
1382 3105 1560 3187 inusitata
1586 3107 1691 3189 stella

557 3280 642 3357 quae
669 3253 771 3355 juxta
797 3249 918 3331 finem
948 3251 1039 3330 anni
1068 3251 1316 3356 praecedentis
1350 3254 1445 3335 nulli
1472 3282 1557 3335 aevo
1586 3256 1689 3360 prius

556 3416 762 3503 conspecta
788 3425 961 3503 apparere
989 3399 1136 3503 caepit«.
1192 3400 1393 3482 Continet:

658 3545 739 3626 Fol.
769 3573 842 3627 2..
865 3546 1157 3629 .Praelationem
1186 3548 1311 3630 diarii:
1351 3549 1528 3655 »Inclytis
1554 3538 1689 3632 utriu's·

557 3721 771 3800 que....‹‚
809 3722 895 3800 quae
932 3695 971 3775 in
1008 3694 1106 3776 libro
1143 3696 1331 3802 impresso
1368 3715 1457 3801 post
1488 3716 1687 3781 tractatum

557 3841 604 3923 de
632 3869 734 3923 nova
760 3842 865 3924 stella
892 3843 1015 3947 posita
1043 3862 1118 3941 est;
1146 3843 1211 3924 lol.
1245 3872 1292 3925 ro
1309 3911 1317 3926 .
1335 3912 1367 3926 ..
1389 3845 1612 3929 Tractatum
1641 3847 1688 3929 de

560 4018 662 4072 nova
684 3991 798 4088 stella,
815 3991 880 4097 qui
901 3992 942 4071 in
966 3989 1063 4072 libro
1086 3992 1275 4097 impresso
1298 3992 1562 4099 praefationem
1583 3994 1686 4077 illam

557 4139 752 4245 praecedit;
780 4138 846 4220 fol.
876 4166 927 4242 24
1031 4141 1161 4245 Ipsum
1184 4140 1359 4239 diarium,
1389 4141 1494 4246 quod
1522 4143 1562 4224 in
1590 4142 1688 4225 libro

555 4288 745 4393 impresso
786 4288 980 4369 omissum
1015 4306 1072 4368 est
1111 4292 1161 4388 (v.
1196 4287 1280 4369 libri
1307 4287 1373 4370 fol.
1403 4289 1451 4371 G.
1484 4289 1580 4391 ult),
1621 4291 1688 4373 sed

556 4436 664 4540 cujus
691 4464 848 4519 summa
879 4436 918 4519 in
953 4435 1174 4542 praelatione
1208 4438 1430 4543 exponitur;
1467 4435 1532 4518 fol.
1564 4463 1609 4544 52
