4028 5834
967 679 1046 748 XIV

435 887 532 970 bum
560 914 646 969 eam
674 905 819 994 partem
851 886 936 968 libri
968 887 1203 988 (solit-1)
1232 895 1283 992 2),
1319 918 1405 996 quae
1439 909 1496 974 est
1522 891 1569 974 de

437 1064 539 1119 nova
577 1035 693 1136 stella,
735 1036 893 1118 omissis
932 1054 1063 1119 tamen
1105 1037 1342 1143 astrologicis
1382 1040 1571 1140 (vCaetera

436 1212 522 1292 quae
549 1185 842 1292 praedictionem
870 1183 1138 1290 astrologicam
1162 1186 1414 1269 continebant
1433 1188 1571 1273 volens

435 1333 654 1439 relinquo«)
688 1352 726 1415 et
761 1332 940 1414 correctis
973 1333 1203 1439 quibusdam
1237 1336 1410 1419 numeris
1437 1337 1571 1420 minus

436 1499 606 1564 accurate
640 1479 872 1585 computatis
909 1484 934 1581 (.
953 1546 960 1562 .
979 1540 1011 1560 ..
1033 1509 1136 1563 »non
1172 1482 1314 1589 ubique
1348 1484 1438 1567 satis
1471 1511 1570 1567 scru-

436 1628 612 1736 pulosam
641 1627 889 1710 adhibueram
917 1628 1168 1734 diligentiam,
1205 1630 1309 1712 unde
1342 1629 1485 1715 lactum
1513 1653 1571 1717 est

436 1776 542 1884 quod
569 1775 681 1858 latera
707 1794 744 1857 et
770 1776 901 1881 anguli
930 1805 1217 1885 nonnunquam
1245 1778 1373 1884 paullo
1401 1778 1505 1862 aliter
1529 1807 1570 1864 se

436 1924 649 2023 habuerint,
698 1951 814 2029 quam
861 1925 937 2007 illic
984 1925 1290 2031 assignabantur;
1338 1928 1568 2033 quibusdam

435 2073 551 2154 etiam
569 2072 666 2153 vitio
686 2072 911 2178 typographi
934 2073 1153 2180 depravatis,
1176 2101 1262 2180 quae
1281 2094 1412 2157 tamen
1434 2078 1572 2159 omnia

436 2220 633 2326 praemissa
670 2221 799 2326 scripti
839 2223 1067 2327 repetitione
1104 2223 1144 2303 in
1183 2223 1375 2327 integrum
1411 2226 1570 2306 restitui-

435 2374 576 2471 mus‹).
649 2370 727 2450 Has
772 2370 1040 2469 correctiones
1082 2398 1168 2477 quae
1208 2371 1323 2452 etiam
1358 2371 1398 2452 in
1435 2372 1569 2455 codice

434 2517 736 2600 Vindobonensi
780 2544 901 2623 10932
949 2538 1012 2600 aut
1059 2519 1099 2601 in
1149 2519 1320 2623 margine
1367 2538 1432 2600 aut
1471 2520 1570 2602 inter

435 2667 554 2749 lineas
587 2694 706 2749 manu
739 2667 948 2772 posteriore
975 2667 1112 2750 additae
1140 2686 1241 2766 sunt,
1275 2667 1316 2749 in
1344 2666 1413 2749 hac
1441 2688 1570 2752 nostra

436 2815 607 2899 editione
642 2817 682 2897 in
717 2813 812 2896 folio
841 2816 969 2921 ipsum
997 2815 1138 2897 librum
1167 2815 1341 2921 sequenti
1370 2814 1569 2899 collocavi·

437 2990 525 3045 mus
571 2963 690 3044 simul
734 2990 825 3045 cum
872 2963 955 3045 aliis
1000 2963 1322 3063 correctionibus
1372 2991 1465 3071 quas
1505 2983 1570 3045 aut

435 3111 589 3193 collatio
618 3110 764 3193 codicis
796 3137 918 3216 10932
947 3130 1010 3192 aut
1037 3111 1089 3192 rei
1117 3113 1213 3193 ratio
1240 3130 1409 3193 accurate
1429 3112 1568 3193 exami-

436 3277 523 3340 nata
548 3258 700 3356 obtulit,
729 3259 887 3340 omissis
913 3277 1044 3341 tamen
1074 3259 1263 3341 erroribus
1284 3258 1568 3365 typographicis

435 3407 537 3514 parvi
573 3406 769 3487 momenti
803 3426 840 3488 et
867 3408 932 3514 qui
966 3408 1095 3490 statim
1129 3426 1330 3514 appareant
1356 3425 1394 3488 et
1426 3407 1473 3489 iis
1500 3408 1566 3513 qui

433 3555 510 3659 jam
539 3554 578 3635 in
608 3553 745 3635 ultima
770 3555 907 3661 pagina
932 3555 1052 3662 ipsius
1079 3555 1164 3636 libri
1192 3555 1420 3637 indicantur.

519 3702 633 3784 Liber
665 3707 722 3781 De
756 3708 858 3782 Nova
893 3707 1003 3783 Stella
1040 3703 1080 3784 in
1118 3702 1187 3785 bac
1229 3723 1359 3786 nostra
1392 3703 1564 3785 editione

433 3878 508 3958 ope
535 3851 624 3932 artis
651 3850 963 3957 photographicae
990 3870 1278 3959 repraesentatus
1299 3870 1336 3933 et
1357 3851 1566 3957 impressus

433 4018 500 4098 est,
534 4000 585 4080 ita
612 4018 655 4082 ut
681 3999 886 4106 archetypo
913 4027 1067 4106 prorsus
1093 3999 1232 4081 similis
1258 4000 1318 4099 sit,
1357 3999 1431 4080 nisi
1459 3998 1565 4106 quod

433 4146 542 4229 color
568 4148 768 4230 atramenti
795 4147 952 4232 fortasse
979 4147 1191 4255 paullulum
1219 4146 1356 4228 differt.

518 4296 781 4402 Adiunximus
822 4296 912 4380 huic
952 4295 1115 4379 editioni
1149 4313 1283 4402 praeter
1323 4294 1399 4377 boc
1435 4295 1565 4401 ipsum

432 4445 694 4550 prooemium,
730 4446 836 4553 quod
864 4446 1043 4552 concepit
1069 4443 1114 4526 C.
1142 4444 1182 4525 F.
1211 4442 1376 4525 Pecbule
1403 4443 1561 4525 sodalis:
