4028 5834
925 621 929 628 ¹
983 666 1031 732 tx

439 903 504 982 per
536 874 632 956 XXI
665 900 791 954 annos
824 871 886 974 (ab
921 900 1025 954 anno
1058 872 1307 954 MDLXXVI
1341 871 1387 952 ad
1422 898 1571 954 annum

438 1022 811 1123 MDLXXXXVH),
839 1021 922 1102 aliis
949 1047 1103 1128 quoque
1131 1019 1310 1101 subsidiis
1331 1019 1462 1101 abillo
1484 1047 1569 1126 rege

438 1188 476 1251 et
495 1171 706 1251 Maecenate
733 1196 806 1251 suo
828 1169 927 1274 large
953 1170 1172 1268 instructus,
1200 1168 1461 1250 observatorio
1480 1196 1571 1275 prae-

440 1317 540 1399 claro
581 1317 824 1422 Uraniburgo
873 1344 963 1399 cum
1007 1317 1155 1422 adjecto
1196 1314 1439 1420 Stelloburgo
1479 1343 1570 1399 con·

439 1483 584 1546 structo
630 1485 668 1548 et
713 1466 980 1547 instrumentis
1019 1493 1041 1545 a
1078 1491 1119 1546 se
1159 1464 1380 1568 excogitatis
1414 1465 1570 1547 munito

440 1612 628 1718 plurimos
662 1614 750 1696 illos
784 1614 932 1696 labores
965 1613 1012 1695 ad
1045 1613 1327 1695 astronomiam
1361 1613 1569 1696 instauran-

439 1761 528 1842 dam
556 1760 719 1868 perfecit.

526 1909 578 1989 At
609 1908 655 1990 de
686 1910 763 1991 vita
789 1928 827 1991 et
853 1908 1046 1991 laboribus
1073 1908 1276 2017 Tychonis
1304 1908 1485 1991 disserere
1506 1909 1569 1992 hic

439 2055 536 2138 nihil
548 2057 692 2139 attinet.
715 2059 775 2139 De
785 2058 861 2139 vita
873 2058 954 2162 ejus
967 2057 1161 2164 imprimis
1174 2056 1325 2138 abunde
1338 2058 1569 2163 scripsemnt
1607 2057 1609 2063 ’

437 2205 553 2287 latine
584 2209 760 2284 Gasaendi
785 2206 936 2287 Parisiis
967 2209 1065 2312 1654
1091 2225 1128 2287 et
1150 2206 1269 2310 Hagae
1295 2209 1362 2310 165
1370 2230 1403 2312 5,
1432 2204 1566 2288 danice

436 2358 480 2435 F.
491 2358 536 2431 R.
547 2357 646 2431 Fria's
660 2354 825 2435 Hauniae
840 2357 948 2459 1871,
964 2354 1109 2459 anglice
1121 2359 1158 2432 J.
1169 2359 1213 2431 L.
1225 2359 1271 2432 E.
1283 2359 1434 2452 Drayar,
1450 2354 1569 2436 socie·

439 2503 525 2583 tatis
540 2520 681 2583 nostrae
696 2500 849 2600 sodalis,
861 2501 1072 2606 Edinburgi
1087 2505 1196 2605 1890,
1215 2503 1323 2606 cujus
1337 2528 1436 2608 opus
1450 2503 1567 2584 etiam

435 2651 653 2754 germanice
677 2651 916 2755 interpretata
940 2669 996 2731 est
1013 2650 1132 2731 Maria
1150 2649 1303 2730 Bmhns
1324 2650 1568 2733 Carolimhae

440 2800 549 2902 1894.
624 2799 808 2879 Praeterea
847 2797 893 2879 de
934 2797 1114 2904 operibus
1153 2796 1357 2904 Tychonis
1397 2817 1567 2880 accurate

436 2946 585 3051 scripsit
624 2946 723 3026 inter
756 2944 903 3027 multos
936 2945 1031 3028 alios
1063 2950 1253 3024 Delombra
1297 2945 1483 3045 (Histoire
1519 2947 1567 3029 de

434 3093 700 3176 l’astronomie
715 3092 903 3176 moderne
918 3095 934 3175 Ι
949 3121 1029 3200 pag.
1050 3097 1266 3197 148-261)
1287 3093 1438 3176 Parisiis
1457 3097 1565 3177 1821.

436 3243 552 3348 Opus
578 3243 736 3349 Dreyeri
763 3243 869 3349 quod
896 3270 1009 3349 supra
1035 3243 1237 3325 citavimus
1268 3260 1401 3349 praeter
1428 3242 1567 3350 disqui-

435 3390 620 3472 sitionem
650 3409 865 3473 ceterorum
893 3419 1057 3497 operum
1085 3390 1289 3498 Tychonis
1316 3390 1432 3472 etiarn
1460 3415 1567 3474 conr·

437 3538 670 3620 mentarium
721 3539 809 3620 satis
856 3539 1031 3645 amplum
1079 3539 1164 3621 libri
1210 3544 1268 3617 Da
1305 3541 1416 3618 Nova
1456 3544 1567 3619 Stella

437 3687 622 3769 continet.
688 3687 749 3768 De
789 3715 868 3793 quo
907 3687 1005 3770 libro
1046 3707 1084 3770 et
1123 3687 1170 3770 de
1210 3686 1280 3771 hac
1321 3706 1450 3770 nostra
1485 3689 1566 3793 ejus

435 3834 606 3918 editione
624 3835 710 3918 ·hoc
736 3835 827 3918 loco
854 3835 1031 3943 quaedam
1058 3836 1286 3941 subjungere
1312 3836 1401 3918 satis
1428 3855 1494 3918 est.

521 3984 589 4066 Est
623 3984 736 4090 igitur
768 3984 801 4065 is
827 3983 931 4084 liber,
967 3985 1075 4090 cujus
1101 3983 1241 4091 Tycho
1269 3984 1310 4065 in
1336 3988 1566 4063 Aaronom

434 4135 646 4212 Butomm
664 4137 985 4232 flammam
1002 4132 1068 4215 iol.
1091 4133 1191 4216 Cccc
1210 4130 1408 4214 ult-Ffff
1422 4159 1444 4213 a
1467 4136 1563 4237 (pag.

438 4281 654 4385 578-597)
686 4280 933 4362 mentionem
967 4278 1065 4362 facit.
1132 4279 1287 4362 Titulus
1321 4279 1402 4383 ejus
1429 4278 1565 4383 plenus

435 4427 576 4533 longus
612 4445 679 4510 est.
748 4427 937 4511 Continet
974 4428 1083 4510 enim
1118 4445 1251 4533 praeter
1270 4443 1482 4508 'tractatum
1509 4425 1565 4508 :de
