4028 5834
959 658 1037 728 XIH

435 893 579 948 novam
606 866 753 950 stellam
781 867 1059 967 animadvertit,
1087 871 1233 966 aRyno
1253 895 1368 951 amne
1395 869 1565 969 (Ramne-

434 1013 510 1115 Aa)
535 1015 774 1121 percurritur.

518 1162 716 1245 Tractatus
743 1163 790 1245 de
818 1162 948 1269 eclipsi
975 1163 1078 1245 lunae
1098 1181 1136 1244 et
1155 1163 1283 1268 Elegia
1298 1164 1349 1256 ¹in
1380 1166 1563 1251 Uraniam

435 1311 550 1393 etiam
570 1311 611 1393 in
632 1311 707 1393 alio
729 1311 863 1394 codice
885 1311 1146 1418 manuscripto
1161 1310 1404 1394 bibliothecae
1419 1315 1565 1397 Vindo

435 1458 621 1541 bonensis
660 1477 809 1541 exstant
849 1485 1016 1541 numero
1054 1462 1210 1541 10686¹⁷
1243 1460 1405 1565 signato,
1446 1490 1562 1568 quem

435 1607 564 1713 ipsum
592 1633 746 1713 quoque
773 1607 939 1688 Hauniae
966 1606 1166 1690 consulere
1194 1609 1406 1715 potuimus,
1447 1610 1490 1692 ln
1516 1637 1565 1693 eo

435 1754 611 1860 quaedam
641 1773 784 1836 mutata
811 1774 848 1838 et
878 1754 1055 1859 adjuncta
1073 1774 1175 1855 sunt,
1204 1774 1241 1837 et
1261 1755 1465 1860 longitudo
1488 1757 1564 1840 loci

435 1929 456 1983 a
481 1903 744 2008 Regiomonte
772 1904 964 1986 Borussiae
991 1904 1198 1986 assumitur
1220 1903 1280 1992 ⁸la⁰
1300 1905 1423 2008 major
1448 1931 1564 2011 quam

435 2051 475 2133 in
504 2049 602 2132 libro
630 2052 819 2159 impresso
846 2071 883 2135 et
910 2053 950 2134 in
979 2051 1113 2134 codice
1141 2052 1404 2158 manuscripto
1430 2080 1564 2160 10932.

437 2199 571 2281 Codex
609 2202 768 2282 10686¹⁷
803 2227 921 2283 manu
949 2199 1152 2306 Tychonis
1188 2199 1349 2305 scriptus
1385 2229 1467 2285 non
1496 2222 1564 2303 est,

436 2346 503 2428 sed
519 2366 630 2429 notas
643 2346 788 2454 aliquot
803 2375 923 2430 manu
937 2347 1141 2453 Tychonis
1156 2348 1398 2453 neglegenter
1411 2353 1566 2459 scriptas

436 2494 558 2577 habet.
613 2496 670 2578 Ex
697 2495 817 2600 signis
844 2495 884 2576 in
914 2495 1085 2600 margine
1113 2497 1249 2602 positis
1277 2497 1455 2604 notisque
1487 2499 1566 2604 qui-

436 2642 598 2724 busdam
645 2643 692 2725 ad
738 2642 1021 2751 typographum
1069 2644 1348 2749 pertinentibus
1394 2663 1567 2729 constare

436 2791 585 2873 videtur
610 2792 788 2874 codicem
817 2790 927 2873 illum
954 2791 1054 2897 typis
1082 2790 1315 2874 destinatum
1343 2791 1471 2874 fuisse.

539 2941 583 3024 ln
616 2943 848 3019 Astronomio
880 2945 1093 3018 Imlourutoe
1127 2945 1449 3038 Progymnaemotia
1479 2941 1569 3023 loco

436 3088 512 3192 jam
547 3089 664 3170 citato
695 3087 836 3195 Tycho
868 3088 949 3193 ipse
992 3087 1201 3191 juvenilem
1235 3115 1352 3172 suum
1388 3089 1435 3172 de
1469 3116 1571 3172 nova

437 3237 543 3319 stella
567 3235 710 3317 librum
738 3236 871 3317 critico
897 3235 1043 3340 judicio
1070 3235 1233 3341 subjicit.
1279 3236 1464 3320 »Diffiteri
1487 3264 1568 3321 non

438 3412 639 3492 possum«,
666 3384 803 3490 inquit,
837 3383 963 3490 »quod
990 3383 1191 3491 aliquoties
1225 3411 1288 3466 me
1316 3386 1426 3469 istius
1453 3385 1572 3493 publi·

438 3533 601 3615 cationis
641 3532 869 3638 paenituerit,
915 3560 997 3615 non
1040 3532 1146 3639 quod
1191 3560 1235 3614 ea
1273 3560 1359 3639 quae
1399 3533 1572 3616 contine·

439 3681 576 3763 bantur
619 3680 808 3786 praecipua
847 3707 893 3761 ex
933 3699 1034 3787 parte
1074 3681 1144 3761 rite
1188 3699 1362 3762 constare
1405 3681 1572 3762 incertus

439 3855 577 3928 essem,
596 3828 664 3910 sed
682 3828 788 3935 quod
807 3855 877 3936 pro
896 3829 948 3910 rei
968 3855 1083 3935 quam
1097 3828 1274 3911 tractabat
1288 3827 1573 3945 magnificentia

441 4003 523 4060 non
558 3976 745 4059 omnibus
780 3977 860 4059 suis
894 3976 1060 4081 panibus
1094 3977 1183 4057 satis
1216 3975 1427 4058 luculenter
1461 3993 1572 4081 atque

441 4123 562 4206 solide
590 4123 825 4207 elaboratum
852 4142 971 4220 esset;
1007 4123 1217 4230 praesertim
1244 4149 1347 4222 ver0,
1384 4122 1572 4229 quoniam

441 4271 618 4376 quaedam
660 4298 740 4354 non
782 4271 912 4376 magni
953 4271 1148 4355 momenti
1182 4298 1229 4353 ex
1264 4269 1404 4354 eodem
1440 4269 1572 4350 Diario

441 4417 642 4524 sartagines
668 4418 1001 4524 adjungebantur«
1072 4418 1224 4525 Repetit
1249 4416 1394 4501 ibidem
1422 4416 1469 4498 ad
1496 4443 1573 4497 ver·
