4028 5834
975 675 1039 743 XV
1206 717 1210 725 ·

528 889 564 985 r)
604 882 807 989 Exemplar
847 881 985 988 effigiei
1017 882 1221 988 Tychonis
1261 884 1301 965 in
1343 882 1573 967 collectione

439 1033 657 1137 imaginum
695 1058 778 1113 aere
816 1057 1041 1112 excusatum
1077 1032 1292 1114 Hauniensi
1326 1052 1570 1114 conservatae.

439 1180 534 1260 Haec
561 1178 717 1284 effigies,
746 1206 831 1287 quae
859 1178 1007 1260 calamo
1034 1178 1220 1261 delineata
1247 1198 1303 1261 est
1325 1199 1363 1261 et
1382 1209 1461 1262 rara
1482 1180 1574 1262 line·

439 1353 548 1408 arum
572 1328 754 1409 suavitate
775 1326 934 1425 excellit,
962 1354 983 1408 a
1001 1326 1250 1433 quisbusdam
1277 1331 1410 1406 Goltaio
1431 1328 1573 1409 Batavo

439 1473 628 1573 tribuitur,
664 1474 710 1556 ab
744 1474 826 1556 aliis
853 1493 982 1556 autem
1014 1479 1247 1573 Genmerlino,
1280 1476 1416 1581 pictori
1444 1475 1574 1580 Augu·

440 1640 565 1718 stan0,
592 1649 710 1728 quem
737 1621 878 1729 Tycho
905 1623 945 1704 in
974 1623 1141 1704 Daniam
1169 1623 1383 1705 adduxerat.

524 1776 564 1872 2)
599 1770 774 1852 lndicem
806 1796 956 1869 eorum,
998 1799 1083 1877 quae
1125 1772 1349 1877 corrigenda
1388 1791 1490 1871 sunt,
1530 1790 1574 1854 ut

437 1944 550 2025 supra
570 1917 856 2023 explicavimus,
899 1917 1013 2000 Ordo
1034 1918 1220 2002 loliorum
1234 1919 1320 2001 libri
1335 1940 1408 2003 est:
1438 1925 1500 2022 ((:))
1522 1968 1574 1980 -

435 2078 506 2159 (:)2
533 2112 585 2124 -
609 2078 678 2171 (ἦς
709 2113 762 2124 -
787 2070 836 2167 ((:)
860 2066 1062 2169 ultimum)
1084 2114 1135 2126 -
1151 2080 1196 2160 (tt)
1211 2115 1264 2127 —
1280 2079 1361 2164 (::)2
1389 2070 1445 2170 (ln
1474 2068 1572 2150 libro

438 2241 563 2298 enore
577 2222 636 2318 (::))
649 2229 790 2322 -(::)3
813 2263 866 2274 —
886 2220 946 2317 ((::)
958 2215 1043 2317 ult.)
1063 2216 1171 2298 -Α
1191 2265 1243 2276 -
1263 2217 1336 2299 Aa
1357 2264 1409 2275 -
1427 2217 1463 2299 Α
1480 2245 1497 2323 3
1521 2264 1573 2276 —

438 2364 491 2465 (A
505 2364 589 2467 ult.)
609 2412 662 2424 -
681 2366 712 2446 B
733 2412 785 2424 —
803 2365 834 2445 B
850 2392 872 2446 2
893 2411 945 2423 -
963 2364 994 2444 B
1012 2391 1028 2470 3
1053 2411 1105 2423 -
1123 2365 1170 2465 (B
1185 2364 1269 2467 ult.)
1290 2384 1378 2463 etc.;
1405 2366 1574 2448 secunda

438 2514 575 2620 pagina
601 2514 844 2618 singulorum
873 2512 1059 2595 loliorum
1089 2532 1258 2595 notatur:
1287 2513 1380 2595 facie
1409 2541 1445 2596 2.

527 2666 564 2768 3)
603 2668 661 2740 Tel
686 2667 829 2740 Donate
855 2667 1006 2757 Lasere,
1036 2661 1234 2769 epilogum
1268 2662 1398 2767 lingua
1423 2662 1572 2746 Danica

436 2810 634 2915 scripturn,
669 2811 710 2892 in
745 2837 824 2916 quo
858 2810 1017 2893 historia
1047 2809 1131 2891 libri
1159 2810 1315 2916 ejusque
1342 2836 1498 2894 summa
1524 2812 1570 2894 ad

437 2957 661 3062 popularem
689 2958 981 3064 intelligentiam
1005 2957 1299 3041 accommodate
1322 2978 1570 3065 exponuntur

436 3105 632 3212 (concepit
660 3107 703 3189 C.
732 3107 772 3188 F.
801 3106 994 3207 Pecbsrle).

522 3259 563 3356 4)
596 3255 803 3360 Specimen
840 3281 979 3336 manus
1011 3253 1215 3360 Tychonis
1249 3282 1270 3336 e
1307 3257 1570 3363 manuscripto

436 3402 739 3485 Vindobonensi
758 3429 880 3510 10932
902 3430 977 3510 ope
998 3403 1086 3484 artis
1106 3402 1419 3510 photographicae
1440 3430 1570 3511 reprae·

436 3568 630 3633 sentatum
659 3554 709 3651 (v.
734 3550 803 3632 fol.
832 3552 904 3638 H2
930 3550 999 3633 fac.
1028 3553 1142 3633 2—H
1160 3556 1209 3658 3).

524 3699 672 3783 Gratias
700 3726 816 3807 quam
845 3699 1032 3781 maximas
1058 3699 1208 3804 agimus
1229 3697 1415 3805 praelectis
1437 3698 1571 3781 biblio·

436 3846 558 3929 thecae
598 3846 806 3954 imperialis
845 3847 1167 3930 Vindobonensis
1214 3847 1266 3928 ob
1310 3845 1570 3929 liberalitatem

437 3996 825 4103 benevolentiamque
860 3994 1105 4101 singularem,
1149 4023 1224 4101 qua
1266 3995 1421 4077 codices
1460 4022 1572 4102 supra

438 4163 772 4228 commemoratos
807 4163 985 4226 nostrum
1020 4145 1061 4226 in
1089 4171 1206 4226 usum
1233 4143 1429 4225 Hauniam
1456 4162 1572 4226 trans-

438 4294 639 4393 miserunt,
693 4294 788 4375 item
835 4293 1021 4400 praelectis
1067 4289 1311 4373 bibliothecae
1356 4291 1486 4395 Regiae
1533 4311 1571 4375 et

440 4441 687 4524 bibliothecae
708 4440 975 4524 Universitatis
994 4439 1293 4540 Hauniensium‚
1321 4437 1433 4546 quod'
1454 4465 1570 4521 usum
