4028 5834
982 665 1030 733 XI

436 874 658 956 Tractatum
688 874 734 955 de
767 874 896 980 eclipsi
930 873 1033 955 lunae
1061 874 1123 956 die
1150 879 1185 957 8.
1214 875 1441 958 Decembris
1473 902 1565 982 1573

436 1022 571 1121 futura,
613 1023 689 1128 qui·
719 1023 759 1104 in
805 1022 903 1104 libro
944 1024 1134 1128 impresso
1173 1052 1194 1105 a
1230 1023 1295 1105 fol.
1337 1026 1374 1106 H
1415 1025 1602 1130 incipit3.

436 1169 502 1251 fol.
532 1174 580 1252 68
707 1172 751 1252 ln
781 1172 965 1253 Uraniam
994 1172 1164 1277 Elegiam
1199 1173 1376 1270 auctoris,
1412 1200 1497 1278 quae
1530 1173 1570 1254 in

438 1317 535 1399 libro
564 1319 753 1424 impresso
781 1348 802 1401 a
827 1318 893 1401 iol.
921 1321 952 1400 L
980 1320 1126 1425 incipit.

524 1466 603 1547 Fol.
636 1492 681 1571 52
711 1466 756 1547 ad
784 1466 905 1549 finem
935 1496 1053 1549 manu
1075 1466 1278 1573 Tychonis
1309 1468 1445 1572 scripta
1467 1485 1569 1548 sunt.

437 1615 661 1718 figurarum
701 1616 820 1720 ipsius
857 1615 964 1696 diarii
999 1616 1237 1699 constructio
1272 1616 1312 1695 in
1350 1612 1571 1720 praefatione

438 1761 653 1866 explicatur.
697 1762 1033 1867 Octogonicarum
1061 1763 1300 1869 zyzygiarum
1330 1762 1413 1843 caeli
1440 1762 1570 1867 figurae
1641 1854 1645 1861 ,

437 1936 507 2016 pro
541 1910 702 2015 singulis
738 1911 949 2010 mensibus,
992 1939 1077 2018 quae
1113 1930 1204 1993 octo
1240 1930 1391 1993 tantum
1429 1912 1573 1994 domos

437 2057 685 2162 Tychonicas
719 2060 935 2159 continent,
972 2060 1140 2166 quadrati
1174 2059 1341 2142 formam
1371 2060 1572 2157 exhibent;

438 2205 569 2310 figurae
594 2234 686 2288 vero
714 2207 760 2289 ad
790 2227 1006 2314 quartarum
1035 2208 1127 2290 anni
1156 2226 1297 2289 statum
1328 2210 1571 2314 pertinentes

439 2382 524 2460 quae
558 2354 767 2437 duodecim
802 2356 947 2438 domos
980 2355 1227 2463 Tychonicas
1259 2356 1471 2455 continent,
1506 2356 1573 2437 cir-

439 2503 605 2585 cularem
632 2504 800 2586 iormam
828 2504 1021 2603 exhibent,
1050 2523 1088 2586 et
1114 2505 1284 2585 omnino
1308 2504 1455 2585 similes
1482 2524 1572 2585 sunt

439 2650 569 2756 figurae
597 2651 681 2733 libri
708 2651 773 2734 fol.
802 2653 845 2733 E.
901 2654 943 2733 ln
974 2651 1042 2733 hac
1070 2651 1189 2756 figura
1205 2651 1342 2756 gradus
1369 2670 1407 2733 et
1428 2653 1571 2734 minuti

439 2798 756 2882 circumferentiae
793 2800 922 2882 circuli
963 2800 1139 2906 adscripti
1181 2799 1323 2881 limites
1357 2799 1570 2882 domorum

439 2947 707 3030 duodenarum
736 2949 776 3029 in
805 2967 993 3055 aequatore
1017 2948 1213 3047 denotant,
1245 2949 1353 3053 signa
1379 2966 1507 3029 autem
1536 2967 1572 3029 et

436 3096 573 3201 gradus
600 3097 702 3201 juxta
728 3097 847 3178 lineas
875 3115 992 3178 rectas
1018 3098 1155 3203 scripta
1187 3097 1233 3178 ad
1265 3096 1407 3178 limites
1434 3096 1571 3178 domo-

437 3271 525 3325 rum
552 3264 631 3326 tam
659 3245 927 3327 duodenarum
955 3273 1071 3353 quam
1097 3264 1374 3350 octogenarum
1398 3245 1439 3325 in
1461 3243 1571 3349 eclip-

437 3393 512 3474 tica
539 3394 741 3498 pertinent.

523 3541 567 3622 ln
600 3540 805 3647 exemplari
840 3542 1103 3647 manuscripto
1135 3542 1253 3639 diarii,
1289 3539 1395 3646 quod
1429 3537 1569 3644 Tycho

439 3715 574 3770 mense
605 3689 710 3792 Majo
745 3690 992 3772 MDLXXIll
1019 3689 1066 3771 ad
1097 3689 1319 3792 lohannem
1347 3689 1569 3769 Pratensem

439 3837 633 3918 Hauniam
667 3837 975 3943 imprimendum
1004 3839 1120 3937 misit,
1156 3837 1332 3944 quaedam
1362 3853 1570 3916 mutaverat

437 4002 475 4064 et
514 3984 744 4089 adjunxerat,
786 3986 954 4068 maxime
995 4014 1041 4068 ex
1080 3984 1413 4068 observationibus
1456 4013 1569 4067 novae

438 4132 555 4213 stellae
591 4133 635 4214 ab
670 4134 830 4216 ineunte
858 4162 963 4217 anno
991 4162 1111 4242 usque
1139 4134 1184 4216 ad
1213 4161 1391 4216 mensem
1420 4135 1566 4239 Maium

438 4280 675 4387 deprompta.
742 4283 857 4364 Unde
891 4282 1033 4365 factum
1068 4301 1134 4381 est,
1169 4282 1333 4364 utlibet
1360 4282 1568 4387 impressus
